%% This BibTeX bibliography file was created using BibDesk.
%% http://bibdesk.sourceforge.net/


%% Created for Saul Grimaldo at 2018-03-25 17:49:37 -0700 


%% Saved with string encoding Unicode (UTF-8) 



@article{4,
	Author = {Dmitry Davidov, Oren Tsur, Ari Rappaport},
	Date-Added = {2018-03-26 00:46:53 +0000},
	Date-Modified = {2018-03-26 00:47:56 +0000},
	Journal = {Conference on Computational Natural Language Learning},
	Title = {Semi-Supervised Recognition of Sarcastic Sentences in Twitter and Amazon},
	Year = {2010}}

@article{3,
	Author = {Aniruddha Ghosh, Tony Veale},
	Date-Added = {2018-03-26 00:45:53 +0000},
	Date-Modified = {2018-03-26 00:46:50 +0000},
	Journal = {Association for Computational Linguistics},
	Title = {Fracking Sarcasm using Neural Network},
	Year = {2016}}

@article{2,
	Author = {Silvio Amir, Byron C. Wallace, Hao Lyu, Paula Carvalho, Mario J. Silva},
	Date-Added = {2018-03-26 00:44:00 +0000},
	Date-Modified = {2018-03-26 00:45:51 +0000},
	Journal = {arxiv.org},
	Title = {Modelling Context with User Embeddings for Sarcasm Detection in Social Media},
	Year = {2016}}

@article{1,
	Author = {David Bamman and Noah A. Smith},
	Date-Added = {2018-03-26 00:41:31 +0000},
	Date-Modified = {2018-03-26 00:43:54 +0000},
	Journal = {International Conference on Weblogs and Social Media},
	Title = {Contextualized Sarcasm Detection on Twitter},
	Year = {2015}}
